<?xml version="1.0" encoding="UTF-8"?><collection xmlns="http://www.loc.gov/MARC21/slim"><record><leader>00433nam--2200169-u-4500</leader><controlfield tag="001">000051881</controlfield><controlfield tag="002">20161230</controlfield><controlfield tag="005">20161230201049</controlfield><controlfield tag="008">090406s1000------------r-----000-0-eng-d</controlfield><datafield ind1=" " ind2=" " tag="040"><subfield code="a">IFIN-HH</subfield></datafield><datafield ind1=" " ind2=" " tag="080"><subfield code="a">517.98</subfield></datafield><datafield ind1="1" ind2=" " tag="100"><subfield code="a">Junek,Heinz</subfield></datafield><datafield ind1="1" ind2="0" tag="245"><subfield code="a">Locally Convex Spaces and Operator Ideals</subfield></datafield><datafield ind1=" " ind2=" " tag="260"><subfield code="a">Leipzig</subfield><subfield code="c">1977</subfield></datafield><datafield ind1=" " ind2=" " tag="490"><subfield code="a">Teubner-texte zur Mathematik</subfield><subfield code="v">band 56</subfield></datafield><datafield ind1=" " ind2=" " tag="852"><subfield code="a">70329</subfield><subfield code="c">517.9</subfield></datafield><datafield ind1=" " ind2=" " tag="CAT"><subfield code="a">Sys</subfield><subfield code="c">20090406</subfield><subfield code="h">112017</subfield></datafield></record></collection>